<record><leader>00000cas a2200000 a 4500</leader><controlfield tag="001">10968156</controlfield><controlfield tag="008">840719d18711940nyuwr ne      0    0eng c</controlfield><datafield ind1=" " ind2=" " tag="010"><subfield code="a">sn 84031476 </subfield></datafield><datafield ind1=" " ind2=" " tag="040"><subfield code="a">NYG</subfield><subfield code="b">eng</subfield><subfield code="c">NYG</subfield><subfield code="d">NPX</subfield><subfield code="d">NPU</subfield><subfield code="d">NYS</subfield><subfield code="d">MGN</subfield><subfield code="d">NYS</subfield><subfield code="d">OCLCQ</subfield><subfield code="d">NYS</subfield><subfield code="d">OCLCQ</subfield><subfield code="d">OCLCF</subfield><subfield code="d">OCLCO</subfield></datafield><datafield ind1="1" ind2=" " tag="029"><subfield code="a">AU@</subfield><subfield code="b">000025507320</subfield></datafield><datafield ind1=" " ind2=" " tag="042"><subfield code="a">pcc</subfield></datafield><datafield ind1=" " ind2=" " tag="043"><subfield code="a">n-us-ny</subfield></datafield><datafield ind1="0" ind2="4" tag="245"><subfield code="a">The Long Island traveler.</subfield></datafield><datafield ind1="3" ind2="0" tag="246"><subfield code="a">Long Island traveller</subfield></datafield><datafield ind1=" " ind2=" " tag="260"><subfield code="a">Cutchogue, N.Y. :</subfield><subfield code="b">L.F. Terry</subfield></datafield><datafield ind1=" " ind2=" " tag="300"><subfield code="a">v. :</subfield><subfield code="b">ill. (chiefly advertisements)</subfield></datafield><datafield ind1=" " ind2=" " tag="310"><subfield code="a">Weekly</subfield></datafield><datafield ind1="0" ind2=" " tag="362"><subfield code="a">Vol. 1, no. 1 (Sept. 20, 1871)-v. 70, no. 9 (Oct. 31, 1940).</subfield></datafield><datafield ind1=" " ind2=" " tag="500"><subfield code="a">Published at Cutchogue, N.Y., Sept. 20, 1871-Aug. 15, 1872; and at Southold, N.Y., Aug 15, 1872-Oct. 31, 1940.</subfield></datafield><datafield ind1=" " ind2=" " tag="500"><subfield code="a">Publishers: L.F. Terry, 1871-1875; Martin B. Van Dusen, &lt;1876- 1878&gt;.</subfield></datafield><datafield ind1=" " ind2=" " tag="500"><subfield code="a">Editor: Martin B. Van Dusen, &lt;1876-1878&gt;.</subfield></datafield><datafield ind1=" " ind2=" " tag="530"><subfield code="a">Available on microfilm from Record Retention &amp; Retrieval Corp.</subfield></datafield><datafield ind1=" " ind2="0" tag="651"><subfield code="a">Southold (N.Y.)</subfield><subfield code="v">Newspapers.</subfield></datafield><datafield ind1=" " ind2="0" tag="651"><subfield code="a">Cutchogue (N.Y.)</subfield><subfield code="v">Newspapers.</subfield></datafield><datafield ind1=" " ind2="0" tag="651"><subfield code="a">Suffolk County (N.Y.)</subfield><subfield code="v">Newspapers.</subfield></datafield><datafield ind1=" " ind2="7" tag="655"><subfield code="a">Newspapers.</subfield><subfield code="2">fast</subfield><subfield code="0">(OCoLC)fst01423814</subfield></datafield><datafield ind1=" " ind2="7" tag="651"><subfield code="a">New York (State)</subfield><subfield code="z">Cutchogue.</subfield><subfield code="2">fast</subfield><subfield code="0">(OCoLC)fst01272782</subfield></datafield><datafield ind1=" " ind2="7" tag="651"><subfield code="a">New York (State)</subfield><subfield code="z">Southold.</subfield><subfield code="2">fast</subfield><subfield code="0">(OCoLC)fst01221490</subfield></datafield><datafield ind1=" " ind2="7" tag="651"><subfield code="a">New York (State)</subfield><subfield code="z">Suffolk County.</subfield><subfield code="2">fast</subfield><subfield code="0">(OCoLC)fst01207260</subfield></datafield><datafield ind1=" " ind2=" " tag="752"><subfield code="a">United States</subfield><subfield code="b">New York</subfield><subfield code="c">Suffolk</subfield><subfield code="d">Southold.</subfield></datafield><datafield ind1=" " ind2=" " tag="752"><subfield code="a">United States</subfield><subfield code="b">New York</subfield><subfield code="c">Suffolk</subfield><subfield code="d">Cutchogue.</subfield></datafield><datafield ind1="0" ind2="7" tag="785"><subfield code="t">Mattituck watchman</subfield><subfield code="w">(DLC)sn 96083589</subfield><subfield code="w">(OCoLC)34928867</subfield></datafield><datafield ind1="0" ind2="7" tag="785"><subfield code="t">Long Island traveler, Mattituck watchman</subfield><subfield code="w">(DLC)sn 84031433</subfield><subfield code="w">(OCoLC)11048406</subfield></datafield></record>